@inproceedings{laroca2018robust,
            title={A robust real-time automatic license plate recognition based on the YOLO detector},
            author={Laroca, Rayson and Severo, Evair and Zanlorensi, Luiz A and Oliveira, Luiz S and Gon{\c{c}}alves, Gabriel Resende and Schwartz, William Robson and Menotti, David},
            booktitle={2018 international joint conference on neural networks (ijcnn)},
            pages={1--10},
            year={2018},
            organization={IEEE}
}

@misc{police_uk,
  author={},
  title={https://www.police.uk/advice/advice-and-information/rs/road-safety/automatic-number-plate-recognition-anpr/},
  year={},
}

@article{laroca2021efficient,
  title={An efficient and layout-independent automatic license plate recognition system based on the YOLO detector},
  author={Laroca, Rayson and Zanlorensi, Luiz A and Gon{\c{c}}alves, Gabriel R and Todt, Eduardo and Schwartz, William Robson and Menotti, David},
  journal={IET Intelligent Transport Systems},
  volume={15},
  number={4},
  pages={483--503},
  year={2021},
  publisher={Wiley Online Library}
}

@article{usama2022vehicle,
  title={Vehicle and License Plate Recognition with Novel Dataset for Toll Collection},
  author={Usama, Muhammad and Anwar, Hafeez and Shahid, Muhammad Muaz and Anwar, Abbas and Anwar, Saeed and Hlavacs, Helmuth},
  journal={arXiv preprint arXiv:2202.05631},
  year={2022}
}